

@article{kmeans:iter,
  author  = "Sanjoy Dasgupta",
  title   = "How fast is k -means?",
  journal = "COLT Computational Learning Theory",
  year    = 2003,
  volume  = "2777",
  pages   = "735"
}
